<?xml version="1.0" encoding="utf-8"?>
<record xmlns="http://www.loc.gov/MARC21/slim" xmlns:xsi="http://www.w3.org/2001/XMLSchema-instance" xsi:schemaLocation="http://www.loc.gov/MARC21/slim http://www.loc.gov/standards/marcxml/schema/MARC21slim.xsd">
	<leader>     nam a22        4500</leader>
	<controlfield tag="001">3368391</controlfield>
	<controlfield tag="003">NNC</controlfield>
	<controlfield tag="006">m        d        </controlfield>
	<controlfield tag="007">cr cn |||m|||a</controlfield>
	<controlfield tag="008">160519m19111932sy      o     000 0 ara d</controlfield>
	<datafield ind1=" " ind2=" " tag="040">
		<subfield code="a">NNU</subfield>
		<subfield code="b">eng</subfield>
		<subfield code="e">rda</subfield>
		<subfield code="c">NNU</subfield>
	</datafield>
	<datafield ind1=" " ind2=" " tag="043">
		<subfield code="a">a-sy---</subfield>
	</datafield>
	<datafield ind1="0" ind2=" " tag="050">
		<subfield code="a">DS99.D3</subfield>
		<subfield code="b">I22</subfield>
	</datafield>
	<datafield ind1="1" ind2=" " tag="100">
		<subfield code="6">880-01</subfield>
		<subfield code="a">Ibn ʻAsākir, ʻAlī ibn al-Ḥasan,</subfield>
		<subfield code="d">1105-1176.</subfield>
	</datafield>
	<datafield ind1="1" ind2="0" tag="240">
		<subfield code="6">880-02</subfield>
		<subfield code="a">Tārīkh madīnat Dimashq</subfield>
	</datafield>
	<datafield ind1="1" ind2="4" tag="245">
		<subfield code="6">880-03</subfield>
		<subfield code="a">ʼAl-Tārīkh al-kabīr /</subfield>
		<subfield code="c">lil-ḥāfiẓ al-kabīr thiqat al-dīn Abū al-Qāsim ʻAlī ibn ʼal-Ḥasan ibn Hibat Allāh ibn ʻAbd ʼAllāh ibn al-Ḥusayn ibn ʻAsākir al-Shāfiʻī ; ʼiʻtaná bi-tartībihi wa-taṣḥīḥihi al-Shaykh ʻAbd ʼal-Qādir ʼAfandī Badrān.</subfield>
	</datafield>
	<datafield ind1="1" ind2="4" tag="246">
		<subfield code="6">880-04</subfield>
		<subfield code="a">Tahdhīb Tārīkh Ibn ʻAsākir</subfield>
	</datafield>
	<datafield ind1=" " ind2=" " tag="260">
		<subfield code="6">880-05</subfield>
		<subfield code="a">Dimashq :</subfield>
		<subfield code="b">al-Maktabah al-ʻArabīyah</subfield>
		<subfield code="f">(Maṭbaʻat Rawḍat al-Shām),</subfield>
		<subfield code="c">1329-1951 [1911-1932]</subfield>
	</datafield>
	<datafield ind1=" " ind2=" " tag="300">
		<subfield code="a">online resource (7 volumes in 4)</subfield>
	</datafield>
	<datafield ind1=" " ind2=" " tag="336">
		<subfield code="a">text</subfield>
		<subfield code="2">rdacontent</subfield>
	</datafield>
	<datafield ind1=" " ind2=" " tag="337">
		<subfield code="a">computer</subfield>
		<subfield code="2">rdamedia</subfield>
	</datafield>
	<datafield ind1=" " ind2=" " tag="338">
		<subfield code="a">online resource</subfield>
		<subfield code="2">rdacarrier</subfield>
	</datafield>
	<datafield ind1=" " ind2=" " tag="500">
		<subfield code="a">Cover title: Tahd︠h︡īb tārīk︠h︡ ʼIbn ʻAsākir, had︠h︡d︠h︡abahu wa-rattabahu ʼal-marḥūm ʼal-S︠h︡ayk︠h︡ ʻAbd ʼal-Qādir ibn ʼAḥmad ibn Muṣṭafá ibn ʻAbd ʼal-Raḥīm ibn Muḥammad ʼal-Dūmī ʼal-Dimas︠h︡qī ʼal-Ḥanbalī ʼal-maʻrūf bi-ʼIbn Badrān.</subfield>
	</datafield>
	<datafield ind1=" " ind2=" " tag="500">
		<subfield code="a">Part of the Arabic Collections Online (ACO) project, contributed by Columbia University Libraries.</subfield>
	</datafield>
	<datafield ind1=" " ind2=" " tag="533">
		<subfield code="a">Electronic reproduction.</subfield>
		<subfield code="b">New York, N.Y. :</subfield>
		<subfield code="c">New York University,</subfield>
		<subfield code="d">2016.</subfield>
		<subfield code="5">NNU</subfield>
	</datafield>
	<datafield ind1=" " ind2="0" tag="651">
		<subfield code="a">Damascus (Syria)</subfield>
		<subfield code="x">History.</subfield>
	</datafield>
	<datafield ind1=" " ind2="0" tag="651">
		<subfield code="a">Damascus (Syria)</subfield>
		<subfield code="v">Biography.</subfield>
	</datafield>
	<datafield ind1=" " ind2="7" tag="651">
		<subfield code="a">Syria</subfield>
		<subfield code="z">Damascus.</subfield>
		<subfield code="2">fast</subfield>
		<subfield code="0">(OCoLC)fst01207112</subfield>
	</datafield>
	<datafield ind1=" " ind2="7" tag="655">
		<subfield code="a">Biography.</subfield>
		<subfield code="2">fast</subfield>
		<subfield code="0">(OCoLC)fst01423686</subfield>
	</datafield>
	<datafield ind1=" " ind2="7" tag="655">
		<subfield code="a">History.</subfield>
		<subfield code="2">fast</subfield>
		<subfield code="0">(OCoLC)fst01411628</subfield>
	</datafield>
	<datafield ind1="1" ind2=" " tag="700">
		<subfield code="6">880-06</subfield>
		<subfield code="a">Badrān, ʻAbd al-Qādir,</subfield>
		<subfield code="d">-1927.</subfield>
	</datafield>
	<datafield ind1="2" ind2=" " tag="710">
		<subfield code="a">Columbia University.</subfield>
		<subfield code="b">Libraries.</subfield>
	</datafield>
	<datafield ind1="0" ind2=" " tag="730">
		<subfield code="a">Arabic Collections Online.</subfield>
	</datafield>
	<datafield ind1="0" ind2="8" tag="776">
		<subfield code="i">Print version:</subfield>
		<subfield code="a">Ibn ʻAsākir, ʻAlī ibn al-Ḥasan, 1105-1176.</subfield>
		<subfield code="t">ʼAl-Tārīkh al-kabīr</subfield>
		<subfield code="w">(NNC)3368391</subfield>
		<subfield code="w">(DLC)   59044113 </subfield>
		<subfield code="w">(OCoLC)40688295</subfield>
	</datafield>
	<datafield ind1="4" ind2="0" tag="856">
		<subfield code="u">http://hdl.handle.net/2333.1/7pvmczj7</subfield>
	</datafield>
	<datafield ind1="1" ind2=" " tag="880">
		<subfield code="6">100-01/r</subfield>
		<subfield code="a">ابن عساكر، علي بن الحسن.</subfield>
	</datafield>
	<datafield ind1="1" ind2="0" tag="880">
		<subfield code="6">240-02/r</subfield>
		<subfield code="a">تاريخ مدينة دمشق</subfield>
	</datafield>
	<datafield ind1="1" ind2="2" tag="880">
		<subfield code="6">245-03/r</subfield>
		<subfield code="a">التاريخ الكبير /</subfield>
		<subfield code="c">للحافظ الكبير ثقة الدين ابو القاسم علي بن الحسن بن هبة الله بن عبد الله بن الحسين ابن عساكر الشافعي ؛ اعتنى بتربيته وتصحيحه عبد القادر افندي بدران.</subfield>
	</datafield>
	<datafield ind1="1" ind2="4" tag="880">
		<subfield code="6">246-04/r</subfield>
		<subfield code="a">تهذيب تاريخ ابن عساكر</subfield>
	</datafield>
	<datafield ind1=" " ind2=" " tag="880">
		<subfield code="6">260-05/r</subfield>
		<subfield code="a">دمشق :</subfield>
		<subfield code="b">المكتبة العربية</subfield>
		<subfield code="f">(مطبعة روضة الشام)،</subfield>
		<subfield code="c">1329-1951 [1911-1932]</subfield>
	</datafield>
	<datafield ind1="1" ind2=" " tag="880">
		<subfield code="6">700-06/r</subfield>
		<subfield code="a">بدران، عبد القادر.</subfield>
	</datafield>
	<datafield ind1=" " ind2=" " tag="959">
		<subfield code="a">NNU</subfield>
		<subfield code="b">WEB</subfield>
		<subfield code="c">GENI</subfield>
		<subfield code="t">0</subfield>
		<subfield code="m">Electronic access</subfield>
		<subfield code="s">01</subfield>
	</datafield>
	<datafield ind1=" " ind2=" " tag="999">
		<subfield code="i">NNC_3368391</subfield>
		<subfield code="o">(OCoLC)ocm40688295</subfield>
		<subfield code="s">columbia_aco001425:v.1</subfield>
		<subfield code="s">columbia_aco001426:v.2</subfield>
		<subfield code="s">columbia_aco001427:v.3</subfield>
		<subfield code="s">columbia_aco001428:v.4</subfield>
		<subfield code="s">columbia_aco001429:v.5</subfield>
		<subfield code="s">columbia_aco001430:v.6</subfield>
		<subfield code="s">columbia_aco001431:v.7</subfield>
		<subfield code="e">(ERROR-880)</subfield>
		<subfield code="s">columbia_aco001425:v.1</subfield>
		<subfield code="s">columbia_aco001426:v.2</subfield>
		<subfield code="s">columbia_aco001427:v.3</subfield>
		<subfield code="s">columbia_aco001428:v.4</subfield>
		<subfield code="s">columbia_aco001429:v.5</subfield>
		<subfield code="s">columbia_aco001430:v.6</subfield>
		<subfield code="s">columbia_aco001431:v.7</subfield>
	</datafield>
</record>
